<?xml version='1.0' encoding='utf-8'?>
<record xmlns="http://www.loc.gov/MARC21/slim" xmlns:xsi="http://www.w3.org/2001/XMLSchema-instance">
  <leader>00000nam^a22001931a^4500</leader>
  <controlfield tag="001">002074111</controlfield>
  <controlfield tag="005">20061129152208.0</controlfield>
  <controlfield tag="008">900730s1901^^^^miua^^^|||||||||0^0|eng|d</controlfield>
  <datafield tag="035" ind1=" " ind2=" ">
    <subfield code="a">(CaOTULAS)175825918</subfield>
  </datafield>
  <datafield tag="035" ind1=" " ind2=" ">
    <subfield code="a">(SAZTEC)155502230</subfield>
  </datafield>
  <datafield tag="035" ind1=" " ind2=" ">
    <subfield code="a">(OCoLC)ocm35666905</subfield>
  </datafield>
  <datafield tag="040" ind1=" " ind2=" ">
    <subfield code="c">SAZTEC</subfield>
    <subfield code="d">MiU-H</subfield>
  </datafield>
  <datafield tag="110" ind1="2" ind2=" ">
    <subfield code="a">University of Michigan.</subfield>
  </datafield>
  <datafield tag="245" ind1="1" ind2="0">
    <subfield code="a">Laying of the corner-stone of the new Medical building, Tuesday, the fifteenth of October, 1901.</subfield>
  </datafield>
  <datafield tag="260" ind1=" " ind2=" ">
    <subfield code="a">[Ann Arbor :</subfield>
    <subfield code="b">University of Michigan,</subfield>
    <subfield code="c">1901]</subfield>
  </datafield>
  <datafield tag="300" ind1=" " ind2=" ">
    <subfield code="a">64 p. :</subfield>
    <subfield code="b">ill. ;</subfield>
    <subfield code="c">27 cm</subfield>
  </datafield>
  <datafield tag="610" ind1="2" ind2="0">
    <subfield code="a">University of Michigan.</subfield>
    <subfield code="b">Medical School</subfield>
    <subfield code="x">History.</subfield>
  </datafield>
  <datafield tag="852" ind1="8" ind2=" ">
    <subfield code="a">MiU-H</subfield>
    <subfield code="b">BENT</subfield>
    <subfield code="h">9945 BImu C42 2 Box 1</subfield>
  </datafield>
  <datafield tag="997" ind1=" " ind2=" ">
    <subfield code="a">MARS</subfield>
  </datafield>
  <datafield tag="998" ind1=" " ind2=" ">
    <subfield code="c">UTL</subfield>
    <subfield code="s">9662</subfield>
  </datafield>
  <datafield tag="955" ind1=" " ind2=" ">
    <subfield code="b">BENT</subfield>
    <subfield code="p">39015071492907</subfield>
  </datafield>
  <datafield tag="955" ind1=" " ind2=" ">
    <subfield code="b">BENT</subfield>
    <subfield code="p">B2797169</subfield>
  </datafield>
</record>
